<?xml version="1.0" encoding="UTF-8"?><collection xmlns="http://www.loc.gov/MARC21/slim"><record><leader>00489nam--2200181-i-4500</leader><controlfield tag="001">000014758</controlfield><controlfield tag="002">20161230</controlfield><controlfield tag="005">20161230201031</controlfield><controlfield tag="008">060222s1000------------r-----000-0-fre-d</controlfield><datafield ind1=" " ind2=" " tag="040"><subfield code="a">IFIN-HH</subfield></datafield><datafield ind1=" " ind2=" " tag="041"><subfield code="a">fre</subfield></datafield><datafield ind1=" " ind2=" " tag="080"><subfield code="a">519.65.651(043)</subfield></datafield><datafield ind1="1" ind2=" " tag="100"><subfield code="a">GOUT, Jean-Louis</subfield></datafield><datafield ind1="1" ind2="0" tag="245"><subfield code="a">Sur l'estimation de l'erreur d'interpolation dans rn</subfield><subfield code="b">These</subfield><subfield code="c">Jean-louis gout</subfield></datafield><datafield ind1=" " ind2=" " tag="260"><subfield code="a">Pays De L'Adour</subfield><subfield code="b">Universite</subfield><subfield code="c">1976</subfield></datafield><datafield ind1=" " ind2=" " tag="300"><subfield code="a">64P</subfield></datafield><datafield ind1=" " ind2=" " tag="852"><subfield code="a">44936</subfield><subfield code="c">519.24</subfield></datafield><datafield ind1=" " ind2=" " tag="CAT"><subfield code="a">Sys</subfield><subfield code="c">20130805</subfield><subfield code="h">145226</subfield></datafield></record></collection>